@article{killip2004matrix,
  title={Matrix models for circular ensembles},
  author={Killip, R. and Nenciu, I.},
  journal={International Mathematics Research Notices},
  volume={2004},
  number={50},
  pages={2665--2701},
  year={2004},
  publisher={Oxford University Press}
}
