@article{hotelling1936relations,
  title={Relations between two sets of variates},
  author={Hotelling, H.},
  journal={Biometrika},
  volume={28},
  number={3/4},
  pages={321--377},
  year={1936},
  publisher={JSTOR}
}

@article{paul2007asymptotics,
  title={{Asymptotics of sample eigenstructure for a large dimensional spiked covariance model}},
  author={Paul, D.},
  journal={Statistica Sinica},
  volume={17},
  number={4},
  pages={1617},
  issn={1017-0405},
  year={2007}
}


@article{nadakuditi2010fundamental,
  title={Fundamental limit of sample generalized eigenvalue based detection of signals in noise using relatively few signal-bearing and noise-only samples},
  author={Nadakuditi, R.R. and Silverstein, J.W.},
  journal={Selected Topics in Signal Processing, IEEE Journal of},
  volume={4},
  number={3},
  pages={468--480},
  year={2010},
  publisher={IEEE}
}


@book{hastie2001elements,
  title={{The elements of statistical learning: data mining, inference, and prediction}},
  author={Hastie, T. and Tibshirani, R. and Friedman, J.H.},
  isbn={0387952845},
  year={2001},
  publisher={Springer Verlag}
}


@article{nadakuditi2008sample,
  title={Sample eigenvalue based detection of high-dimensional signals in white noise using relatively few samples},
  author={Nadakuditi, R.R. and Edelman, A.},
  journal={Signal Processing, IEEE Trans.  on},
  volume={56},
  number={7},
  pages={2625--2638},
  year={2008},
  publisher={IEEE}
}

@article{benaych2011eigenvalues,
  title={The eigenvalues and eigenvectors of finite, low rank perturbations of large random matrices},
  author={Benaych-Georges, F. and Nadakuditi, R.R.},
  journal={Adv. in Math.},
  year={2011},
  publisher={Elsevier}
}

@article{kettenring1971canonical,
  title={Canonical analysis of several sets of variables},
  author={Kettenring, J.R.},
  journal={Biometrika},
  volume={58},
  number={3},
  pages={433--451},
  year={1971},
  publisher={Biometrika Trust}
}

@article{nielsen1994analysis,
  title={Analysis of regularly and irregularly sampled spatial, multivariate, and multi-temporal data},
  author={Nielsen, A.A.},
  journal={Science},
  volume={21},
  number={4},
  pages={555--567},
  year={1994}
}

@article{nielsen2002multiset,
  title={Multiset canonical correlations analysis and multispectral, truly multitemporal remote sensing data},
  author={Nielsen, A.A.},
  journal={Image Processing, IEEE Transactions on},
  volume={11},
  number={3},
  pages={293--305},
  year={2002},
  publisher={IEEE}
}
@article{deleus2011functional,
  title={Functional connectivity analysis of fMRI data based on regularized multiset canonical correlation analysis},
  author={Deleus, F. and Van Hulle, M.M.},
  journal={Journal of Neuroscience Methods},
  year={2011},
  publisher={Elsevier}
}

@article{bach2003kernel,
  title={Kernel independent component analysis},
  author={Bach, F.R. and Jordan, M.I.},
  journal={The Journal of Machine Learning Research},
  volume={3},
  pages={1--48},
  year={2003},
  publisher={JMLR. org}
}

@inproceedings{via2005canonical,
  title={Canonical correlation analysis (CCA) algorithms for multiple data sets: Application to blind SIMO equalization},
  author={V{\i}a, J. and Santamar{\i}a, I. and P{\'e}rez, J.},
  booktitle={Proc. of European Signal Processing Conference (EUSIPCO)},
  year={2005}
}

@inproceedings{yu2007learning,
  title={Learning with Heterogenous Data Sets by Weighted Multiple Kernel Canonical Correlation Analysis},
  author={Yu, S. and De Moor, B. and Moreau, Y.},
  booktitle={Machine Learning for Signal Processing, 2007 IEEE Workshop on},
  pages={81--86},
  year={2007},
  organization={IEEE}
}

@article{correa2010canonical,
  title={Canonical correlation analysis for data fusion and group inferences},
  author={Correa, N.M. and Adali, T. and Li, Y.O. and Calhoun, V.D.},
  journal={Signal Processing Magazine, IEEE},
  volume={27},
  number={4},
  pages={39--50},
  year={2010},
  publisher={IEEE}
}

@inproceedings{nadakuditi2011fundamental,
  title={Fundamental finite-sample limit of canonical correlation analysis based detection of correlated high-dimensional signals in white noise},
  author={Nadakuditi, R.R.},
  booktitle={Statistical Signal Processing Workshop (SSP), 2011 IEEE},
  pages={397--400},
  year={2011},
  organization={IEEE}
}

@unpublished{welling2005kcca,
    title={Kernel Canonical Correlation Analysis},
    author={Welling, M.},
    year={2005}
}

@inproceedings{chaudhuri2009multi,
  title={Multi-view clustering via canonical correlation analysis},
  author={Chaudhuri, K. and Kakade, S.M. and Livescu, K. and Sridharan, K.},
  booktitle={Proceedings of the 26th annual international conference on machine learning},
  pages={129--136},
  year={2009},
  organization={ACM}
}

@article{pezeshki2006canonical,
  title={Canonical coordinates are the right coordinates for low-rank Gauss--Gauss detection and estimation},
  author={Pezeshki, A. and Scharf, L.L. and Thomas, J.K. and Van Veen, B.D.},
  journal={Signal Processing, IEEE Transactions on},
  volume={54},
  number={12},
  pages={4817--4820},
  year={2006},
  publisher={IEEE}
}

@article{scharf2000canonical,
  title={Canonical coordinates and the geometry of inference, rate, and capacity},
  author={Scharf, L.L. and Mullis, C.T.},
  journal={Signal Processing, IEEE Transactions on},
  volume={48},
  number={3},
  pages={824--831},
  year={2000},
  publisher={IEEE}
}

@inproceedings{ge2009does,
  title={Does canonical correlation analysis provide reliable information on data correlation in array processing?},
  author={Ge, H. and Kirsteins, I.P. and Wang, X.},
  booktitle={Acoustics, Speech and Signal Processing, 2009. ICASSP 2009. IEEE International Conference on},
  pages={2113--2116},
  year={2009},
  organization={IEEE}
}

@article{hardoon2004canonical,
  title={Canonical correlation analysis: An overview with application to learning methods},
  author={Hardoon, D.R. and Szedmak, S. and Shawe-Taylor, J.},
  journal={Neural Computation},
  volume={16},
  number={12},
  pages={2639--2664},
  year={2004},
  publisher={MIT Press}
}

@article{melzer2001nonlinear,
  title={Nonlinear feature extraction using generalized canonical correlation analysis},
  author={Melzer, T. and Reiter, M. and Bischof, H.},
  journal={Artificial Neural Networksâ€”ICANN 2001},
  pages={353--360},
  year={2001},
  publisher={Springer}
}

@inproceedings{torres2007finding,
  title={Finding musically meaningful words by sparse CCA},
  author={Torres, D.A. and Turnbull, D. and Sriperumbudur, B.K. and Barrington, L. and Lanckriet, G.R.G.},
  booktitle={Neural Information Processing Systems (NIPS) Workshop on Music, the Brain and Cognition},
  year={2007}
}

@inproceedings{todros2012measure,
  title={Measure transformed canonical correlation analysis with application to financial data},
  author={Todros, K. and Hero, AO},
  booktitle={Sensor Array and Multichannel Signal Processing Workshop (SAM), 2012 IEEE 7th},
  pages={361--364},
  year={2012},
  organization={IEEE}
}

@inproceedings{pezeshki2004empirical,
  title={Empirical canonical correlation analysis in subspaces},
  author={Pezeshki, A. and Scharf, L.L. and Azimi-Sadjadi, M.R. and Lundberg, M.},
  booktitle={Signals, Systems and Computers, 2004. Conference Record of the Thirty-Eighth Asilomar Conference on},
  volume={1},
  pages={994--997},
  year={2004},
  organization={IEEE}
}

@article{gunderson1997estimating,
  title={On estimating the dimensionality in canonical correlation analysis},
  author={Gunderson, B.K. and Muirhead, R.J.},
  journal={Journal of Multivariate Analysis},
  volume={62},
  number={1},
  pages={121--136},
  year={1997},
  publisher={Elsevier}
}

@article{fawcett2006introduction,
  title={An introduction to ROC analysis},
  author={Fawcett, Tom},
  journal={Pattern recognition letters},
  volume={27},
  number={8},
  pages={861--874},
  year={2006},
  publisher={Elsevier}
}

@article{akaho2006kernel,
  title={A kernel method for canonical correlation analysis},
  author={Akaho, Shotaro},
  journal={arXiv preprint cs/0609071},
  year={2006}
}

@inproceedings{melzer2001kernel,
  title={Kernel canonical correlation analysis},
  author={Melzer, Thomas and Reiter, Michael and Bischof, Horst},
  booktitle={Proceedings of the International Conference on Artificial Neural Networks},
  pages={353--360},
  year={2001},
  organization={Citeseer}
}

@inproceedings{fyfe2000ica,
  title={ICA using kernel canonical correlation analysis},
  author={Fyfe, Colin and Lai, Pei Ling},
  booktitle={In Proc. Int. Workshop on Independent Component Analysis and Blind Signal Separation (ICA2000},
  year={2000},
  organization={Citeseer}
}

@article{horst1961relations,
  title={Relations among $m$ sets of measures},
  author={Horst, Paul},
  journal={Psychometrika},
  volume={26},
  number={2},
  pages={129--149},
  year={1961},
  publisher={Springer}
}

@article{vinograde1950canonical,
  title={Canonical positive definite matrices under internal linear transformations},
  author={Vinograde, Bernard},
  journal={Proceedings of the American Mathematical Society},
  volume={1},
  number={2},
  pages={159--161},
  year={1950},
  publisher={JSTOR}
}

@article{horst1961generalized,
  title={Generalized canonical correlations and their applications to experimental data},
  author={Horst, Paul},
  journal={Journal of Clinical Psychology},
  volume={17},
  number={4},
  pages={331--347},
  year={1961},
  publisher={Wiley Online Library}
}

@article{steel1951minimum,
  title={Minimum generalized variance for a set of linear functions},
  author={Steel, Robert GD},
  journal={The Annals of Mathematical Statistics},
  volume={22},
  number={3},
  pages={456--460},
  year={1951},
  publisher={Institute of Mathematical Statistics}
}

@article{asendorf2013performance,
title={The Performance of a Matched Subspace Detector that Uses Subspaces Estimated from Finite, Noisy, Training Data},
  author={Asendorf, Nicholas and Nadakuditi, R.R.},  
  journal={Signal Processing, IEEE Trans.  on},
  volume={61},
  number={8},
  pages={1972--1985},
  year={2013},
  publisher={IEEE}
}

@article{hero2012hub,
  title={Hub discovery in partial correlation graphs},
  author={Hero, Alfred and Rajaratnam, Bala},
  journal={Information Theory, IEEE Transactions on},
  volume={58},
  number={9},
  pages={6064--6078},
  year={2012},
  publisher={IEEE}
}

@book{sanderson2008biometric,
  title={Biometric person recognition: Face, speech and fusion},
  author={Sanderson, Conrad},
  year={2008},
  publisher={VDM Publishing}
}

@inproceedings{turnbull2007towards,
  title={Towards musical query-by-semantic-description using the cal500 data set},
  author={Turnbull, Douglas and Barrington, Luke and Torres, David and Lanckriet, Gert},
  booktitle={Proceedings of the 30th annual international ACM SIGIR conference on Research and development in information retrieval},
  pages={439--446},
  year={2007},
  organization={ACM}
}

@INPROCEEDINGS{bertin2011million,
  author = {Thierry Bertin-Mahieux and Daniel P.W. Ellis and Brian Whitman and Paul Lamere},
  title = {The Million Song Dataset},
  booktitle = {{Proceedings of the 12th International Conference on Music Information
	Retrieval ({ISMIR} 2011)}},
  year = {2011},
  owner = {thierry},
  timestamp = {2010.03.07}
}

@article{van1998handwritten,
  title={Handwritten digit recognition by combined classifiers},
  author={Van Breukelen, M and Duin, Robert PW and Tax, David MJ and Hartog, JE den},
  journal={Kybernetika},
  volume={34},
  number={4},
  pages={381--386},
  year={1998},
  publisher={Institute of Information Theory and Automation AS CR}
}

@inproceedings{asendorf2012performance,
  title={The performance of deterministic matched subspace detectors when using subspaces estimated from noisy, missing data},
  author={Asendorf, Nicholas and Suryaprakash, Raj Tejas and Nadakuditi, Raj Rao},
  booktitle={Statistical Signal Processing Workshop (SSP), 2012 IEEE},
  pages={397--400},
  year={2012},
  organization={IEEE}
}

@book{mcwhorter2003matched,
  title={Matched subspace detectors for stochastic signals},
  author={McWhorter, T. and Scharf, L. L.},
  year={2003},
  publisher={Defense Technical Information Center}
}

@article{vincent2008matched,
  title={Matched subspace detection with hypothesis dependent noise power},
  author={Vincent, F. and Besson, O. and Richard, C.},
  journal={Signal Processing, IEEE Transactions on},
  volume={56},
  number={11},
  pages={5713--5718},
  year={2008},
  publisher={IEEE}
}

@article{elden2007matrix,
  title={Matrix Methods in Data Mining and Pattern Recognition},
  author={Elden, L.},
  year={2007},
  publisher={Society for Industrial and Applied Mathematics.}
}


@article{besson2006cfar,
  title={CFAR matched direction detector},
  author={Besson, O. and Scharf, L. L.},
  journal={Signal Processing, IEEE Transactions on},
  volume={54},
  number={7},
  pages={2840--2844},
  year={2006},
  publisher={IEEE}
}

@article{bandiera2007glrt,
  title={GLRT-based direction detectors in homogeneous noise and subspace interference},
  author={Bandiera, F. and Besson, O. and Orlando, D. and Ricci, G. and Scharf, L. L.},
  journal={Signal Processing, IEEE Transactions on},
  volume={55},
  number={6},
  pages={2386--2394},
  year={2007},
  publisher={IEEE}
}

@article{bandiera2007adaptive,
  title={Adaptive radar detection of distributed targets in homogeneous and partially
                  homogeneous noise plus subspace interference},
  author={Bandiera, F. and De Maio, A. and Greco, A. S. and Ricci, G.},
  journal={Signal Processing, IEEE Transactions on},
  volume={55},
  number={4},
  pages={1223--1237},
  year={2007},
  publisher={IEEE}
}

@article{besson2005matched,
  title={Matched direction detectors and estimators for array processing with subspace steering vector uncertainties},
  author={Besson, O. and Scharf, L. L. and Vincent, F.},
  journal={Signal Processing, IEEE Transactions on},
  volume={53},
  number={12},
  pages={4453--4463},
  year={2005},
  publisher={IEEE}
}


@article{scharf1994matched,
  title={Matched subspace detectors},
  author={Scharf, L. L. and Friedlander, B.},
  journal={Signal Processing, IEEE Trans. on},
  volume={42},
  number={8},
  pages={2146--2157},
  year={1994},
  publisher={IEEE}
}


@article{jin2005cfar,
  title={A CFAR adaptive subspace detector for second-order Gaussian signals},
  author={Jin, Y. and Friedlander, B.},
  journal={Signal Processing, IEEE Trans. on},
  volume={53},
  number={3},
  pages={871--884},
  year={2005},
  publisher={IEEE}
}

@book{van1968detection,
  title={Detection, estimation, and modulation theory: Detection, estimation, and linear modulation theory},
  author={Van Trees, H. L.},
  year={1968},
  publisher={Wiley}
}

@article{boumal2013manopt,
  title={Manopt, a Matlab toolbox for optimization on manifolds},
  author={Boumal, Nicolas and Mishra, Bamdev and Absil, P-A and Sepulchre, Rodolphe},
  journal={arXiv preprint arXiv:1308.5200},
  year={2013}
}

@article{rao2008polynomial,
  title={The polynomial method for random matrices},
  author={Rao, N Raj and Edelman, Alan},
  journal={Foundations of Computational Mathematics},
  volume={8},
  number={6},
  pages={649--702},
  year={2008},
  publisher={Springer}
}

@article{johnstone2008multivariate,
  title={Multivariate analysis and Jacobi ensembles: Largest eigenvalue, Tracy--Widom limits and rates of convergence},
  author={Johnstone, Iain M},
  journal={Annals of statistics},
  volume={36},
  number={6},
  pages={2638},
  year={2008},
  publisher={NIH Public Access}
}

@article{bartlett1954note,
  title={A note on the multiplying factors for various $\chi$ 2 approximations},
  author={Bartlett, Maurice Stevenson},
  journal={Journal of the Royal Statistical Society. Series B (Methodological)},
  pages={296--298},
  year={1954},
  publisher={JSTOR}
}

@article{bao2014canonical,
  title={Canonical correlation coefficients of high-dimensional normal vectors: finite rank case},
  author={Bao, Zhigang and Hu, Jiang and Pan, Guangming and Zhou, Wang},
  journal={arXiv preprint arXiv:1407.7194},
  year={2014}
}

@article{nadakuditi2014optshrink,
  title={OptShrink: An algorithm for improved low-rank signal matrix denoising by optimal, data-driven singular value shrinkage},
  author={Nadakuditi, R},
  year={2014},
  publisher={IEEE}
}

@book{hardle2007applied,
  title={Applied multivariate statistical analysis},
  author={H{\"a}rdle, Wolfgang and Simar, L{\'e}opold},
  year={2007},
  publisher={Springer Science \& Business Media}
}

@article{constantine1976asymptotic,
  title={Asymptotic expansions for distributions of latent roots in multivariate analysis},
  author={Constantine, AG and Muirhead, Robb J},
  journal={Journal of Multivariate Analysis},
  volume={6},
  number={3},
  pages={369--391},
  year={1976},
  publisher={Elsevier}
}

@article{benaych2012singular,
  title={The singular values and vectors of low rank perturbations of large rectangular random matrices},
  author={Benaych-Georges, Florent and Nadakuditi, Raj Rao},
  journal={Journal of Multivariate Analysis},
  volume={111},
  pages={120--135},
  year={2012},
  publisher={Elsevier}
}

@article{correa2010canonical,
  title={Canonical correlation analysis for data fusion and group inferences},
  author={Correa, N.M. and Adali, T. and Li, Y.O. and Calhoun, V.D.},
  journal={Signal Processing Magazine, IEEE},
  volume={27},
  number={4},
  pages={39--50},
  year={2010},
  publisher={IEEE}
}

@article{wilks2014probabilistic,
  title={Probabilistic canonical correlation analysis forecasts, with application to tropical Pacific sea-surface temperatures},
  author={Wilks, Daniel S},
  journal={International Journal of Climatology},
  volume={34},
  number={5},
  pages={1405--1413},
  year={2014},
  publisher={Wiley Online Library}
}

@article{wilms2013sparse,
  title={Sparse canonical correlation analysis from a predictive point of view},
  author={Wilms, Ines and Croux, Christophe},
  journal={FEB Research Report KBI\_1320},
  year={2013}
}

@article{zhang2013l1,
  title={L1-regularized multiway canonical correlation analysis for SSVEP-based BCI},
  author={Zhang, Yu and Zhou, Guoxu and Jin, Jing and Wang, Minjue and Wang, Xingyu and Cichocki, Andrzej},
  year={2013},
  publisher={IEEE}
}

@article{prera2014using,
  title={Using Canonical Correlation Analysis to Identify Environmental Attitude Groups: Considerations for National Forest Planning in the Southwestern US},
  author={Prera, Alejandro J and Grimsrud, Kristine M and Thacher, Jennifer A and McCollum, Dan W and Berrens, Robert P},
  journal={Environmental management},
  volume={54},
  number={4},
  pages={756--767},
  year={2014},
  publisher={Springer}
}

@article{vilsaint2013ecology,
  title={The ecology of early childhood risk: a canonical correlation analysis of childrenâ€™s adjustment, family, and community context in a high-risk sample},
  author={Vilsaint, Corrie L and Aiyer, Sophie M and Wilson, Melvin N and Shaw, Daniel S and Dishion, Thomas J},
  journal={The journal of primary prevention},
  volume={34},
  number={4},
  pages={261--277},
  year={2013},
  publisher={Springer}
}

@article{doscanonical,
  title={A canonical correlation analysis of the relationship between sustainability and competitiveness},
  author={dos Santos, Silvio Francisco and Brandi, Humberto Siqueira},
  journal={Clean Technologies and Environmental Policy},
  pages={1--12},
  publisher={Springer},
  year={2014}
}

@article{travis2014creativity,
  title={Creativity and Brain-Functioning in Product Development Engineers: A Canonical Correlation Analysis},
  author={Travis, Frederick and Lagrosen, Yvonne},
  journal={Creativity Research Journal},
  volume={26},
  number={2},
  pages={239--243},
  year={2014},
  publisher={Taylor \& Francis}
}

@inproceedings{ahsan2014clustering,
  title={Clustering Social Event Images Using Kernel Canonical Correlation Analysis},
  author={Ahsan, Unaiza and Essa, Irfan},
  booktitle={Computer Vision and Pattern Recognition Workshops (CVPRW), 2014 IEEE Conference on},
  pages={814--819},
  year={2014},
  organization={IEEE}
}

@inproceedings{torres2007finding,
  title={Finding musically meaningful words by sparse CCA},
  author={Torres, David A and Turnbull, Douglas and Sriperumbudur, Bharath K and Barrington, Luke and Lanckriet, Gert RG},
  booktitle={Neural Information Processing Systems (NIPS) Workshop on Music, the Brain and Cognition},
  year={2007}
}

@inproceedings{singanamalli2014supervised,
  title={Supervised multi-view canonical correlation analysis: fused multimodal prediction of disease diagnosis and prognosis},
  author={Singanamalli, Asha and Wang, Haibo and Lee, George and Shih, Natalie and Rosen, Mark and Master, Stephen and Tomaszewski, John and Feldman, Michael and Madabhushi, Anant},
  booktitle={SPIE Medical Imaging},
  pages={903805--903805},
  year={2014},
  organization={International Society for Optics and Photonics}
}

@inproceedings{yan2014accelerating,
  title={Accelerating Sparse Canonical Correlation Analysis for Large Brain Imaging Genetics Data},
  author={Yan, Jingwen and Zhang, Hui and Du, Lei and Wernert, Eric and Saykin, Andrew J and Shen, Li},
  booktitle={Proceedings of the 2014 Annual Conference on Extreme Science and Engineering Discovery Environment},
  pages={4},
  year={2014},
  organization={ACM}
}

@article{spuler2013spatial,
  title={Spatial Filtering Based on Canonical Correlation Analysis for Classification of Evoked or Event-Related Potentials in EEG Data},
  author={Spuler, M and Walter, Armin and Rosenstiel, Wolfgang and Bogdan, Martin},
  year={2013},
  publisher={IEEE}
}

@article{lin2014correspondence,
  title={Correspondence between fMRI and SNP data by group sparse canonical correlation analysis},
  author={Lin, Dongdong and Calhoun, Vince D and Wang, Yu-Ping},
  journal={Medical image analysis},
  volume={18},
  number={6},
  pages={891--902},
  year={2014},
  publisher={Elsevier}
}

@article{campi2013non,
  title={Non-linear canonical correlation for joint analysis of MEG signals from two subjects},
  author={Campi, Cristina and Parkkonen, Lauri and Hari, Riitta and Hyv{\"a}rinen, Aapo},
  journal={Frontiers in neuroscience},
  volume={7},
  year={2013},
  publisher={Frontiers Media SA}
}

@article{kikuchi2006pair,
  title={Pair-matching method for estimating 2-D angle of arrival with a cross-correlation matrix},
  author={Kikuchi, Shohei and Tsuji, Hiroyuki and Sano, Akira},
  journal={Antennas and Wireless Propagation Letters, IEEE},
  volume={5},
  number={1},
  pages={35--40},
  year={2006},
  publisher={IEEE}
}

@article{gu2007joint,
  title={Joint SVD of two cross-correlation matrices to achieve automatic pairing in 2-D angle estimation problems},
  author={Gu, Jian-Feng and Wei, Ping},
  journal={Antennas and Wireless Propagation Letters, IEEE},
  volume={6},
  pages={553--556},
  year={2007},
  publisher={IEEE}
}

@article{gu20082,
  title={2-D direction-of-arrival estimation of coherent signals using cross-correlation matrix},
  author={Gu, Jian-Feng and Wei, Ping and Tai, Heng-Ming},
  journal={Signal Processing},
  volume={88},
  number={1},
  pages={75--85},
  year={2008},
  publisher={Elsevier}
}

@article{worsley2005comparing,
  title={Comparing functional connectivity via thresholding correlations and singular value decomposition},
  author={Worsley, Keith J and Chen, Jen-I and Lerch, Jason and Evans, Alan C},
  journal={Philosophical Transactions of the Royal Society B: Biological Sciences},
  volume={360},
  number={1457},
  pages={913--920},
  year={2005},
  publisher={The Royal Society}
}

@article{diamantaras1994cross,
  title={Cross-correlation neural network models},
  author={Diamantaras, Konstantinos I and Kung, Sun-Yuan},
  journal={Signal Processing, IEEE Transactions on},
  volume={42},
  number={11},
  pages={3218--3223},
  year={1994},
  publisher={IEEE}
}

@article{chen2010new,
  title={A new method for joint DOD and DOA estimation in bistatic MIMO radar},
  author={Chen, Jinli and Gu, Hong and Su, Weimin},
  journal={Signal Processing},
  volume={90},
  number={2},
  pages={714--718},
  year={2010},
  publisher={Elsevier}
}

@incollection{hardoon2006correlation,
  title={A correlation approach for automatic image annotation},
  author={Hardoon, David R and Saunders, Craig and Szedmak, Sandor and Shawe-Taylor, John},
  booktitle={Advanced Data Mining and Applications},
  pages={681--692},
  year={2006},
  publisher={Springer}
}

@article{rao2008polynomial,
  title={The polynomial method for random matrices},
  author={Rao, N Raj and Edelman, Alan},
  journal={Foundations of Computational Mathematics},
  volume={8},
  number={6},
  pages={649--702},
  year={2008},
  publisher={Springer}
}

@article{vinod1976canonical,
  title={Canonical ridge and econometrics of joint production},
  author={Vinod, Hrishikesh D},
  journal={Journal of Econometrics},
  volume={4},
  number={2},
  pages={147--166},
  year={1976},
  publisher={Elsevier}
}

@Book{solem2012programming,
 author    = "Jan Erik Solem",
 title     = "Programming Computer Vision with Python",
 publisher = "O'Reilly Media",
 year      =  2012,
}

@inproceedings{lowe1999object,
  title={Object recognition from local scale-invariant features},
  author={Lowe, David G},
  booktitle={Computer vision, 1999. The proceedings of the seventh IEEE international conference on},
  volume={2},
  pages={1150--1157},
  year={1999},
  organization={Ieee}
}

@inproceedings{yang2007evaluating,
  title={Evaluating bag-of-visual-words representations in scene classification},
  author={Yang, Jun and Jiang, Yu-Gang and Hauptmann, Alexander G and Ngo, Chong-Wah},
  booktitle={Proceedings of the international workshop on Workshop on multimedia information retrieval},
  pages={197--206},
  year={2007},
  organization={ACM}
}

@inproceedings{rashtchian2010collecting,
  title={Collecting image annotations using Amazon's Mechanical Turk},
  author={Rashtchian, Cyrus and Young, Peter and Hodosh, Micah and Hockenmaier, Julia},
  booktitle={Proceedings of the NAACL HLT 2010 Workshop on Creating Speech and Language Data with Amazon's Mechanical Turk},
  pages={139--147},
  year={2010},
  organization={Association for Computational Linguistics}
}

@inproceedings{leong2010text,
  title={Text mining for automatic image tagging},
  author={Leong, Chee Wee and Mihalcea, Rada and Hassan, Samer},
  booktitle={Proceedings of the 23rd International Conference on Computational Linguistics: Posters},
  pages={647--655},
  year={2010},
  organization={Association for Computational Linguistics}
}

@inproceedings{feng2008automatic,
  title={Automatic Image Annotation Using Auxiliary Text Information.},
  author={Feng, Yansong and Lapata, Mirella},
  booktitle={ACL},
  pages={272--280},
  year={2008}
}

@inproceedings{schmid1994probabilistic,
  title={Probabilistic part-of-speech tagging using decision trees},
  author={Schmid, Helmut},
  booktitle={Proceedings of the international conference on new methods in language processing},
  volume={12},
  pages={44--49},
  year={1994},
  organization={Citeseer}
}

@article{smeulders2000content,
  title={Content-based image retrieval at the end of the early years},
  author={Smeulders, Arnold WM and Worring, Marcel and Santini, Simone and Gupta, Amarnath and Jain, Ramesh},
  journal={Pattern Analysis and Machine Intelligence, IEEE Transactions on},
  volume={22},
  number={12},
  pages={1349--1380},
  year={2000},
  publisher={IEEE}
}

@inproceedings{kolenda2002independent,
  title={Independent component analysis for understanding multimedia content},
  author={Kolenda, Thomas and Hansen, Lars Kai and Larsen, Jan and Winther, Ole},
  booktitle={Neural Networks for Signal Processing, 2002. Proceedings of the 2002 12th IEEE Workshop on},
  pages={757--766},
  year={2002},
  organization={IEEE}
}

@PhdThesis{nadakuditi2007thesis,
           title = "{Applied Stochastic Eigen-Analysis}",
          author = "Rajesh Rao Nadakuditi",
          school = "Massachusetts Institute of Technology",
           month = february,
            year = "2007",
}

@article{thum2014supervised,
  title={Supervised Penalized Canonical Correlation Analysis},
  author={Thum, Andrea and M{\"o}nchgesang, Susann and Westphal, Lore and L{\"u}bken, Tilo and Rosahl, Sabine and Neumann, Steffen and Posch, Stefan},
  journal={arXiv preprint arXiv:1405.1534},
  year={2014}
}

@article{cruz2014fast,
  title={Fast regularized canonical correlation analysis},
  author={Cruz-Cano, Raul and Lee, Mei-Ling Ting},
  journal={Computational Statistics \& Data Analysis},
  volume={70},
  pages={88--100},
  year={2014},
  publisher={Elsevier}
}

@article{tenenhaus2014regularized,
  title={Regularized vgeneralized canonical correlation analysis for multiblock or multigroup data analysis},
  author={Tenenhaus, Arthur and Tenenhaus, Michel},
  journal={European Journal of Operational Research},
  volume={238},
  number={2},
  pages={391--403},
  year={2014},
  publisher={Elsevier}
}

@article{waaijenborg2009correlating,
  title={Correlating multiple SNPs and multiple disease phenotypes: Penalized nonlinear canonical correlation analysis},
  author={Waaijenborg, Sandra and Zwinderman, Aeilko H},
  journal={Bioinformatics},
  pages={btp491},
  year={2009},
  publisher={Oxford Univ Press}
}

@article{mandal2013non,
  title={Non-linear canonical correlation analysis using alpha-beta divergence},
  author={Mandal, Abhijit and Cichocki, Andrzej},
  journal={Entropy},
  volume={15},
  number={7},
  pages={2788--2804},
  year={2013},
  publisher={Multidisciplinary Digital Publishing Institute}
}

@inproceedings{chang2013canonical,
  title={Canonical Correlation Analysis based on Hilbert-Schmidt Independence Criterion and Centered Kernel Target Alignment},
  author={Chang, Billy and Kruger, Uwe and Kustra, Rafal and Zhang, Junping},
  booktitle={Proceedings of the 30th International Conference on Machine Learning (ICML-13)},
  pages={316--324},
  year={2013}
}

@article{hardoon2011sparse,
  title={Sparse canonical correlation analysis},
  author={Hardoon, David R and Shawe-Taylor, John},
  journal={Machine Learning},
  volume={83},
  number={3},
  pages={331--353},
  year={2011},
  publisher={Springer}
}

@inproceedings{yan2014accelerating,
  title={Accelerating Sparse Canonical Correlation Analysis for Large Brain Imaging Genetics Data},
  author={Yan, Jingwen and Zhang, Hui and Du, Lei and Wernert, Eric and Saykin, Andrew J and Shen, Li},
  booktitle={Proceedings of the 2014 Annual Conference on Extreme Science and Engineering Discovery Environment},
  pages={4},
  year={2014},
  organization={ACM}
}

@article{sun2013canonical,
  title={Canonical correlation analysis on data with censoring and error information},
  author={Sun, Jianyong and Keates, Simeon},
  journal={Neural Networks and Learning Systems, IEEE Transactions on},
  volume={24},
  number={12},
  pages={1909--1919},
  year={2013},
  publisher={IEEE}
}

@article{shin2015canonical,
  title={Canonical correlation analysis for irregularly and sparsely observed functional data},
  author={Shin, Hyejin and Lee, Seokho},
  journal={Journal of Multivariate Analysis},
  volume={134},
  pages={1--18},
  year={2015},
  publisher={Elsevier}
}

@inproceedings{tao2014exploring,
  title={Exploring Shared Subspace and Joint Sparsity for Canonical Correlation Analysis},
  author={Tao, Liang and Ip, Horace and Wang, Yinglin and Shu, Xin},
  booktitle={Proceedings of the 23rd ACM International Conference on Conference on Information and Knowledge Management},
  pages={1887--1890},
  year={2014},
  organization={ACM}
}

@article{gao2014efficient,
  title={An Efficient and Optimal Method for Sparse Canonical Correlation Analysis},
  author={Gao, Chao and Ma, Zongming and Zhou, Harrison H},
  journal={arXiv preprint arXiv:1409.8565},
  year={2014}
}

@article{zhang2013binary,
  title={Binary-and multi-class group sparse canonical correlation analysis for feature extraction and classification},
  author={Zhang, Zhao and Zhao, Mingbo and Chow, Tommy WS},
  journal={Knowledge and Data Engineering, IEEE Transactions on},
  volume={25},
  number={10},
  pages={2192--2205},
  year={2013},
  publisher={IEEE}
}

@article{klami2013bayesian,
  title={Bayesian canonical correlation analysis},
  author={Klami, Arto and Virtanen, Seppo and Kaski, Samuel},
  journal={The Journal of Machine Learning Research},
  volume={14},
  number={1},
  pages={965--1003},
  year={2013},
  publisher={JMLR. org}
}

@article{witten2009penalized,
  title={A penalized matrix decomposition, with applications to sparse principal components and canonical correlation analysis},
  author={Witten, Daniela M and Tibshirani, Robert and Hastie, Trevor},
  journal={Biostatistics},
  pages={kxp008},
  year={2009},
  publisher={Biometrika Trust}
}

@article{chu2013sparse,
  title={Sparse canonical correlation analysis: new formulation and algorithm},
  author={Chu, Delin and Liao, Li-Zhi and Ng, Michael K and Zhang, Xiaowei},
  journal={Pattern Analysis and Machine Intelligence, IEEE Transactions on},
  volume={35},
  number={12},
  pages={3050--3065},
  year={2013},
  publisher={IEEE}
}

@inproceedings{dhillon2011multi,
  title={Multi-view learning of word embeddings via cca},
  author={Dhillon, Paramveer and Foster, Dean P and Ungar, Lyle H},
  booktitle={Advances in Neural Information Processing Systems},
  pages={199--207},
  year={2011}
}

@article{zhai2015instance,
  title={Instance-Specific Canonical Correlation Analysis},
  author={Zhai, Deming and Zhang, Yu and Yeung, Dit-Yan and Chang, Hong and Chen, Xilin and Gao, Wen},
  journal={Neurocomputing},
  year={2015},
  publisher={Elsevier}
}

@inproceedings{lisanti2014matching,
  title={Matching People across Camera Views using Kernel Canonical Correlation Analysis},
  author={Lisanti, Giuseppe and Masi, Iacopo and Del Bimbo, Alberto},
  booktitle={Proceedings of the International Conference on Distributed Smart Cameras},
  pages={10},
  year={2014},
  organization={ACM}
}

@inproceedings{arbabshirani2010comparison,
  title={Comparison of canonical correlation analysis and ICA techniques for fMRI},
  author={Arbabshirani, Mohammad Reza and Nakhkash, Mansor and Soltanian-Zadeh, Hamid},
  booktitle={Communications, Control and Signal Processing (ISCCSP), 2010 4th International Symposium on},
  pages={1--5},
  year={2010},
  organization={IEEE}
}

@inproceedings{khalid2013improving,
  title={Improving functional connectivity detection in fMRI by combining sparse dictionary learning and canonical correlation analysis},
  author={Khalid, Muhammad Usman and Seghouane, A-K},
  booktitle={Biomedical Imaging (ISBI), 2013 IEEE 10th International Symposium on},
  pages={286--289},
  year={2013},
  organization={IEEE}
}

@inproceedings{guccione2013functional,
  title={Functional brain networks and schizophrenia analysis with fMRI by Multiset Canonical Correlation Analysis},
  author={Guccione, Pietro and Mascolo, Luigi and Nico, Giovanni and Taurisano, Paolo and Blasi, Giuseppe and Fazio, Leonardo and Bertolino, Alessandro},
  booktitle={Advances in Biomedical Engineering (ICABME), 2013 2nd International Conference on},
  pages={207--210},
  year={2013},
  organization={IEEE}
}

@inproceedings{lin2013identifying,
  title={Identifying genetic connections with brain functions in schizophrenia using group sparse canonical correlation analysis},
  author={Lin, Dongdong and Zhang, Jigang and Li, Jingyao and Calhoun, Vince and Wang, Yu-Ping},
  booktitle={Biomedical Imaging (ISBI), 2013 IEEE 10th International Symposium on},
  pages={278--281},
  year={2013},
  organization={IEEE}
}

@article{seoane2014canonical,
  title={Canonical Correlation Analysis for Gene-Based Pleiotropy Discovery},
  author={Seoane, Jose A and Campbell, Colin and Day, Ian NM and Casas, Juan P and Gaunt, Tom R},
  journal={PLoS computational biology},
  volume={10},
  number={10},
  pages={e1003876},
  year={2014},
  publisher={Public Library of Science}
}

@article{lin2013group,
  title={Group sparse canonical correlation analysis for genomic data integration},
  author={Lin, Dongdong and Zhang, Jigang and Li, Jingyao and Calhoun, Vince D and Deng, Hong-Wen and Wang, Yu-Ping},
  journal={BMC bioinformatics},
  volume={14},
  number={1},
  pages={245},
  year={2013},
  publisher={BioMed Central Ltd}
}

@article{zhang2014frequency,
  title={Frequency recognition in SSVEP-based BCI using multiset canonical correlation analysis},
  author={Zhang, YU and Zhou, Guoxu and Jin, Jing and Wang, Xingyu and Cichocki, Andrzej},
  journal={International journal of neural systems},
  volume={24},
  number={04},
  year={2014},
  publisher={World Scientific}
}

@inproceedings{nakanishi2014enhancing,
  title={Enhancing unsupervised canonical correlation analysis-based frequency detection of SSVEPs by incorporating background EEG},
  author={Nakanishi, Masaki and Wang, Yijun and Wang, Yu-Te and Mitsukura, Yasue and Jung, Tzyy-Ping},
  booktitle={Engineering in Medicine and Biology Society (EMBC), 2014 36th Annual International Conference of the IEEE},
  pages={3053--3056},
  year={2014},
  organization={IEEE}
}

@article{chen2014removal,
  title={Removal of Muscle Artifacts from Single-Channel EEG Based on Ensemble Empirical Mode Decomposition and Multiset Canonical Correlation Analysis},
  author={Chen, Xun and He, Chen and Peng, Hu},
  journal={Journal of Applied Mathematics},
  volume={2014},
  year={2014},
  publisher={Hindawi Publishing Corporation}
}

@inproceedings{kuzilek2014comparison,
  title={Comparison of JADE and Canonical Correlation Analysis for ECG de-noising},
  author={Kuzilek, Jakub and Kremen, Vaclav and Lhotska, Lenka},
  booktitle={Engineering in Medicine and Biology Society (EMBC), 2014 36th Annual International Conference of the IEEE},
  pages={3857--3860},
  year={2014},
  organization={IEEE}
}

@article{scharf1998wiener,
  title={Wiener filters in canonical coordinates for transform coding, filtering, and quantizing},
  author={Scharf, Louis L and Thomas, John K},
  journal={Signal Processing, IEEE Transactions on},
  volume={46},
  number={3},
  pages={647--654},
  year={1998},
  publisher={IEEE}
}

@article{li2009joint,
  title={Joint blind source separation by multiset canonical correlation analysis},
  author={Li, Yi-Ou and Adali, T{\"u}lay and Wang, Wei and Calhoun, Vince D},
  journal={Signal Processing, IEEE Transactions on},
  volume={57},
  number={10},
  pages={3918--3929},
  year={2009},
  publisher={IEEE}
}

@article{manco2014kernel,
  title={Kernel canonical correlation analysis for robust cooperative spectrum sensing in cognitive radio networks},
  author={Manco-V{\'a}squez, J and Vaerenbergh, S Van and V{\'\i}a, J and Santamar{\'\i}a, I},
  journal={Transactions on Emerging Telecommunications Technologies},
  year={2014},
  publisher={Wiley Online Library}
}

@article{li2010canonical,
  title={Canonical Correlation Analysis of Bovine Growth Traits, Meat Quality Traits and Carcass Traits},
  author={LI, Jiao and ZHANG, Meng and YUAN, Zheng-rong and LI, Jun-ya and ZHOU, Zheng-kui and HE, Jian-ning and GAO, Xue and CHEN, Jin-bao and XU, Shang-zhong},
  journal={China Animal Husbandry \& Veterinary Medicine},
  volume={6},
  pages={025},
  year={2010}
}

@inproceedings{steward2014assimilating,
  title={Assimilating scatterometer observations of tropical cyclones into an Ensemble Kalman Filter system with a robust observation operator based on canonical-correlation analysis},
  author={Steward, Jeffrey L and Haddad, Ziad and Hristova-Veleva, Svetla and Vukicevic, Tomislava},
  booktitle={SPIE Asia Pacific Remote Sensing},
  pages={926507--926507},
  year={2014},
  organization={International Society for Optics and Photonics}
}

@article{latala2005some,
  title={Some estimates of norms of random matrices},
  author={Lata{\l}a, Rafa{\l}},
  journal={Proceedings of the American Mathematical Society},
  volume={133},
  number={5},
  pages={1273--1282},
  year={2005}
}

@article{liberty2007randomized,
  title={Randomized algorithms for the low-rank approximation of matrices},
  author={Liberty, Edo and Woolfe, Franco and Martinsson, Per-Gunnar and Rokhlin, Vladimir and Tygert, Mark},
  journal={Proceedings of the National Academy of Sciences},
  volume={104},
  number={51},
  pages={20167--20172},
  year={2007},
  publisher={National Acad Sciences}
}

@inproceedings{belabbas2007fast,
  title={Fast low-rank approximation for covariance matrices},
  author={Belabbas, M-A and Wolfe, Patrick J},
  booktitle={Computational Advances in Multi-Sensor Adaptive Processing, 2007. CAMPSAP 2007. 2nd IEEE International Workshop on},
  pages={293--296},
  year={2007},
  organization={IEEE}
}

@article{hehyperspectral,
  title={Hyperspectral Image Denoising via Noise-Adjusted Iterative Low-Rank Matrix Approximation},
  author={He, Wei and Zhang, Hongyan and Zhang, Liangpei and Shen, Huanfeng},
  publisher={IEEE}
}

@article{rokhlin2009randomized,
  title={A randomized algorithm for principal component analysis},
  author={Rokhlin, Vladimir and Szlam, Arthur and Tygert, Mark},
  journal={SIAM Journal on Matrix Analysis and Applications},
  volume={31},
  number={3},
  pages={1100--1124},
  year={2009},
  publisher={SIAM}
}

@article{halko2011finding,
  title={Finding structure with randomness: Probabilistic algorithms for constructing approximate matrix decompositions},
  author={Halko, Nathan and Martinsson, Per-Gunnar and Tropp, Joel A},
  journal={SIAM review},
  volume={53},
  number={2},
  pages={217--288},
  year={2011},
  publisher={SIAM}
}

@article{achlioptas2007fast,
  title={Fast computation of low-rank matrix approximations},
  author={Achlioptas, Dimitris and Mcsherry, Frank},
  journal={Journal of the ACM (JACM)},
  volume={54},
  number={2},
  pages={9},
  year={2007},
  publisher={ACM}
}

@incollection{arora2006fast,
  title={A fast random sampling algorithm for sparsifying matrices},
  author={Arora, Sanjeev and Hazan, Elad and Kale, Satyen},
  booktitle={Approximation, Randomization, and Combinatorial Optimization. Algorithms and Techniques},
  pages={272--279},
  year={2006},
  publisher={Springer}
}

@article{gu1996efficient,
  title={Efficient algorithms for computing a strong rank-revealing QR factorization},
  author={Gu, Ming and Eisenstat, Stanley C},
  journal={SIAM Journal on Scientific Computing},
  volume={17},
  number={4},
  pages={848--869},
  year={1996},
  publisher={SIAM}
}

@article{rudelson2007sampling,
  title={Sampling from large matrices: An approach through geometric functional analysis},
  author={Rudelson, Mark and Vershynin, Roman},
  journal={Journal of the ACM (JACM)},
  volume={54},
  number={4},
  pages={21},
  year={2007},
  publisher={ACM}
}

@article{halko2011algorithm,
  title={An algorithm for the principal component analysis of large data sets},
  author={Halko, Nathan and Martinsson, Per-Gunnar and Shkolnisky, Yoel and Tygert, Mark},
  journal={SIAM Journal on Scientific Computing},
  volume={33},
  number={5},
  pages={2580--2594},
  year={2011},
  publisher={SIAM}
}

@inproceedings{ramachandra2011compressive,
  title={Compressive sensing based imaging via Belief Propagation},
  author={Ramachandra, Preethi and Sartipi, Mina},
  booktitle={Signals, Systems and Computers (ASILOMAR), 2011 Conference Record of the Forty Fifth Asilomar Conference on},
  pages={254--256},
  year={2011},
  organization={IEEE}
}

@article{candes2006near,
  title={Near-optimal signal recovery from random projections: Universal encoding strategies?},
  author={Candes, Emmanuel J and Tao, Terence},
  journal={Information Theory, IEEE Transactions on},
  volume={52},
  number={12},
  pages={5406--5425},
  year={2006},
  publisher={IEEE}
}

@article{donoho2006compressed,
  title={Compressed sensing},
  author={Donoho, David L},
  journal={Information Theory, IEEE Transactions on},
  volume={52},
  number={4},
  pages={1289--1306},
  year={2006},
  publisher={IEEE}
}