@article{paul2007asymptotics,
  title={{Asymptotics of sample eigenstructure for a large dimensional spiked covariance model}},
  author={Paul, D.},
  journal={Statistica Sinica},
  volume={17},
  number={4},
  pages={1617},
  issn={1017-0405},
  year={2007}
}
@article{fawcett2006introduction,
  title={An introduction to ROC analysis},
  author={Fawcett, T.},
  journal={Pattern recognition letters},
  volume={27},
  number={8},
  pages={861--874},
  year={2006},
  publisher={Elsevier}
}

@article{wood1993saddlepoint,
  title={Saddlepoint approximations to the CDF of some statistics with nonnormal limit distributions},
  author={Wood, A.T.A. and Booth, J.G. and Butler, R.W.},
  journal={Journal of the American Statistical Association},
  pages={680--686},
  year={1993},
  publisher={JSTOR}
}

@article{nadakuditi2010fundamental,
  title={Fundamental limit of sample generalized eigenvalue based detection of signals in noise using relatively few signal-bearing and noise-only samples},
  author={Nadakuditi, R.R. and Silverstein, J.W.},
  journal={Selected Topics in Signal Processing, IEEE Journal of},
  volume={4},
  number={3},
  pages={468--480},
  year={2010},
  publisher={IEEE}
}

@article{johnstone2001distribution,
  title={On the distribution of the largest eigenvalue in principal components analysis},
  author={Johnstone, I.M.},
  journal={The Ann. of stat.},
  volume={29},
  number={2},
  pages={295--327},
  year={2001},
  publisher={Institute of Mathematical Statistics}
}

@book{van1968detection,
  title={Detection, estimation, and modulation theory: Detection, estimation, and linear modulation theory},
  author={Van Trees, H.L.},
  year={1968},
  publisher={Wiley}
}

@article{erdHos2011universality,
  title={Universality of Wigner random matrices: a survey of recent results},
  author={Erd{\H{o}}s, L.},
  journal={Russian Mathematical Surveys},
  volume={66},
  pages={507},
  year={2011},
  publisher={IOP Publishing}
}

@article{tao2012asymptotic,
  title={The asymptotic distribution of a single eigenvalue gap of a Wigner matrix},
  author={Tao, T.},
  journal={Arxiv preprint arXiv:1203.1605},
  year={2012}
}

@article{jin2005cfar,
  title={A CFAR adaptive subspace detector for second-order Gaussian signals},
  author={Jin, Y. and Friedlander, B.},
  journal={Signal Processing, IEEE Trans. on},
  volume={53},
  number={3},
  pages={871--884},
  year={2005},
  publisher={IEEE}
}

@article{el2007tracy,
  title={Tracy--Widom limit for the largest eigenvalue of a large class of complex sample covariance matrices},
  author={El Karoui, N.},
  journal={The Ann. of Prob.},
  volume={35},
  number={2},
  pages={663--714},
  year={2007},
  publisher={Institute of Mathematical Statistics}
}

@book{mcwhorter2003matched,
  title={Matched subspace detectors for stochastic signals},
  author={McWhorter, T. and Scharf, L.},
  year={2003},
  publisher={Defense Technical Information Center}
}

@article{vincent2008matched,
  title={Matched subspace detection with hypothesis dependent noise power},
  author={Vincent, F. and Besson, O. and Richard, C.},
  journal={Signal Processing, IEEE Transactions on},
  volume={56},
  number={11},
  pages={5713--5718},
  year={2008},
  publisher={IEEE}
}

@article{besson2006cfar,
  title={CFAR matched direction detector},
  author={Besson, O. and Scharf, L.L.},
  journal={Signal Processing, IEEE Transactions on},
  volume={54},
  number={7},
  pages={2840--2844},
  year={2006},
  publisher={IEEE}
}

@article{laaksonen1996subspace,
  title={{Subspace dimension selection and averaged learning subspace method in handwritten digit classification}},
  author={Laaksonen, J. and Oja, E.},
  journal={Artificial Neural Networks ICANN 96},
  pages={227--232},
  year={1996},
  publisher={Springer}
}

@article{cox1973resolving,
  title={Resolving power and sensitivity to mismatch of optimum array processors},
  author={Cox, H.},
  journal={J. Acoust. Soc. Amer},
  volume={54},
  number={3},
  pages={771--785},
  year={1973}
}

@article{scharf1994matched,
  title={Matched subspace detectors},
  author={Scharf, L.L. and Friedlander, B.},
  journal={Signal Processing, IEEE Trans. on},
  volume={42},
  number={8},
  pages={2146--2157},
  year={1994},
  publisher={IEEE}
}

@article{nadakuditi2008sample,
  title={Sample eigenvalue based detection of high-dimensional signals in white noise using relatively few samples},
  author={Nadakuditi, R.R. and Edelman, A.},
  journal={Signal Processing, IEEE Trans.  on},
  volume={56},
  number={7},
  pages={2625--2638},
  year={2008},
  publisher={IEEE}
}

@article{benaych2011eigenvalues,
  title={The eigenvalues and eigenvectors of finite, low rank perturbations of large random matrices},
  author={Benaych-Georges, F. and Nadakuditi, R.R.},
  journal={Adv. in Math.},
  year={2011},
  publisher={Elsevier}
}

@article{benaych2011singular,
  title={The singular values and vectors of low rank perturbations of large rectangular random matrices},
  author={Benaych-Georges, F. and Nadakuditi, R.R.},
  journal={Arxiv preprint arXiv:1103.2221},
  year={2011}
}

@inproceedings{balzano2010high,
  title={High-dimensional matched subspace detection when data are missing},
  author={Balzano, L. and Recht, B. and Nowak, R.},
  booktitle={Information Theory Proceedings (ISIT), 2010 IEEE International Symposium on},
  pages={1638--1642},
  year={2010},
  organization={IEEE}
}

@inproceedings{asendorf2011msd,
    author={Asendorf, N. and Nadakuditi, R.R.},
    title={Improving and Characterizing the Performance of Stochastic Matched Subspace Detectors When Using Noisy Estimated Subspaces},
    booktitle={Proceedings of the Asilomar Conference of Signals and Systems},
    year={November 2011}
}

@book{scharf1991statistical,
  title={Statistical signal processing: detection, estimation, and time series analysis},
  author={Scharf, L.L. and Demeure, C.},
  volume={1},
  year={1991},
  publisher={Addison-Wesley Publishing Company}
}

@book{friedman2001elements,
  title={The elements of statistical learning},
  author={Friedman, J. and Hastie, T. and Tibshirani, R.},
  volume={1},
  year={2001},
  publisher={Springer Series in Statistics}
}

@book{muirhead1982aspects,
  title={Aspects of multivariate statistical theory},
  author={Muirhead, R.J.},
  volume={42},
  year={1982},
  publisher={Wiley Online Library}
}

@article{bandiera2007glrt,
  title={GLRT-based direction detectors in homogeneous noise and subspace interference},
  author={Bandiera, F. and Besson, O. and Orlando, D. and Ricci, G. and Scharf, L.L.},
  journal={Signal Processing, IEEE Transactions on},
  volume={55},
  number={6},
  pages={2386--2394},
  year={2007},
  publisher={IEEE}
}

@article{bandiera2007adaptive,
  title={Adaptive radar detection of distributed targets in homogeneous and partially homogeneous noise plus subspace interference},
  author={Bandiera, F. and De Maio, A. and Greco, A.S. and Ricci, G.},
  journal={Signal Processing, IEEE Transactions on},
  volume={55},
  number={4},
  pages={1223--1237},
  year={2007},
  publisher={IEEE}
}

@article{besson2005matched,
  title={Matched direction detectors and estimators for array processing with subspace steering vector uncertainties},
  author={Besson, O. and Scharf, L.L. and Vincent, F.},
  journal={Signal Processing, IEEE Transactions on},
  volume={53},
  number={12},
  pages={4453--4463},
  year={2005},
  publisher={IEEE}
}


@article{maris2003resampling,
  title={A resampling method for estimating the signal subspace of spatio-temporal EEG/MEG data},
  author={Maris, E.},
  journal={Biomedical Engineering, IEEE Transactions on},
  volume={50},
  number={8},
  pages={935--949},
  year={2003},
  publisher={IEEE}
}


@article{soong1995principal,
  title={Principal-component localization of the sources of the background EEG},
  author={Soong, A.C.K. and Koles, Z.J.},
  journal={Biomedical Engineering, IEEE Transactions on},
  volume={42},
  number={1},
  pages={59--67},
  year={1995},
  publisher={IEEE}
}


@article{thai2002invariant,
  title={Invariant subpixel material detection in hyperspectral imagery},
  author={Thai, B. and Healey, G.},
  journal={Geoscience and Remote Sensing, IEEE Transactions on},
  volume={40},
  number={3},
  pages={599--608},
  year={2002},
  publisher={IEEE}
}

@article{healey1999models,
  title={Models and methods for automated material identification in hyperspectral imagery acquired under unknown illumination and atmospheric conditions},
  author={Healey, G. and Slater, D.},
  journal={Geoscience and Remote Sensing, IEEE Transactions on},
  volume={37},
  number={6},
  pages={2706--2717},
  year={1999},
  publisher={IEEE}
}

@article{kwon2006kernel,
  title={Kernel matched subspace detectors for hyperspectral target detection},
  author={Kwon, H. and Nasrabadi, N.M.},
  journal={Pattern Analysis and Machine Intelligence, IEEE Transactions on},
  volume={28},
  number={2},
  pages={178--194},
  year={2006},
  publisher={IEEE}
}

@article{elden2007matrix,
  title={Matrix Methods in Data Mining and Pattern Recognition},
  author={Elden, L.},
  year={2007},
  publisher={Society for Industrial and Applied Mathematics.}
}

@misc{hwritingurl,
  author = {Yann {L}e{C}un and Corinna Cortes},
  title = {The {MNIST} databse of handwritten digits},
  howpublished = "\url{http://yann.lecun.com/exdb/mnist/}",
  note = "[Online; accessed 10-October-2012]"
}


@article{lecun1998gradient,
  title={Gradient-based learning applied to document recognition},
  author={LeCun, Y. and Bottou, L. and Bengio, Y. and Haffner, P.},
  journal={Proceedings of the IEEE},
  volume={86},
  number={11},
  pages={2278--2324},
  year={1998},
  publisher={IEEE}
}

@article{zhu2006automatic,
  title={Automatic dimensionality selection from the scree plot via the use of profile likelihood},
  author={Zhu, M. and Ghodsi, A.},
  journal={Computational Statistics \& Data Analysis},
  volume={51},
  number={2},
  pages={918--930},
  year={2006},
  publisher={Elsevier}
}